@ARTICLE{roddick1999bibliography,
  title={A bibliography of temporal, spatial and spatio-temporal data mining research},
  author={Roddick, John F and Spiliopoulou, Myra},
  journal={ACM SIGKDD Explorations Newsletter},
  volume={1},
  number={1},
  pages={34--38},
  year={1999},
  publisher={ACM New York, NY, USA}
}

@BOOK{cressie2015statistics,
  title={Statistics for spatio-temporal data},
  author={Cressie, Noel and Wikle, Christopher K},
  year={2015},
  publisher={John Wiley \& Sons}
}

@BOOK{diggle2013statistical,
  title={Statistical analysis of spatial and spatio-temporal point patterns},
  author={Diggle, Peter J},
  year={2013},
  publisher={CRC press}
}

@ARTICLE{hawelka2014geo,
  title={Geo-located Twitter as proxy for global mobility patterns},
  author={Hawelka, Bartosz and Sitko, Izabela and Beinat, Euro and Sobolevsky, Stanislav and Kazakopoulos, Pavlos and Ratti, Carlo},
  journal={Cartography and Geographic Information Science},
  volume={41},
  number={3},
  pages={260--271},
  year={2014},
  publisher={Taylor \& Francis}
}

@ARTICLE{paldino2015urban,
  title={Urban magnetism through the lens of geo-tagged photography},
  author={Paldino, Silvia and Bojic, Iva and Sobolevsky, Stanislav and Ratti, Carlo and Gonz{\'a}lez, Marta C},
  journal={EPJ Data Science},
  volume={4},
  number={1},
  pages={5},
  year={2015},
  publisher={Springer}
}

@ARTICLE{belyi2017global,
  title={Global multi-layer network of human mobility},
  author={Belyi, Alexander and Bojic, Iva and Sobolevsky, Stanislav and Sitko, Izabela and Hawelka, Bartosz and Rudikova, Lada and Kurbatski, Alexander and Ratti, Carlo},
  journal={International Journal of Geographical Information Science},
  volume={31},
  number={7},
  pages={1381--1402},
  year={2017},
  publisher={Taylor \& Francis}
}

@ARTICLE{kung2014exploring,
  title={Exploring universal patterns in human home-work commuting from mobile phone data},
  author={Kung, Kevin S and Greco, Kael and Sobolevsky, Stanislav and Ratti, Carlo},
  journal={PloS one},
  volume={9},
  number={6},
  pages={e96180},
  year={2014},
  publisher={Public Library of Science San Francisco, USA}
}

@ARTICLE{amini2014impact,
  title={The impact of social segregation on human mobility in developing and industrialized regions},
  author={Amini, Alexander and Kung, Kevin and Kang, Chaogui and Sobolevsky, Stanislav and Ratti, Carlo},
  journal={EPJ Data Science},
  volume={3},
  number={1},
  pages={1--20},
  year={2014},
  publisher={SpringerOpen}
}

@ARTICLE{sobolevsky2016cities,
  title={Cities through the prism of peopleâ€™s spending behavior},
  author={Sobolevsky, Stanislav and Sitko, Izabela and Tachet des Combes, Remi and Hawelka, Bartosz and Murillo Arias, Juan and Ratti, Carlo},
  journal={PloS one},
  volume={11},
  number={2},
  pages={e0146291},
  year={2016},
  publisher={Public Library of Science San Francisco, CA USA}
}

@ARTICLE{santi2014quantifying,
  title={Quantifying the benefits of vehicle pooling with shareability networks},
  author={Santi, Paolo and Resta, Giovanni and Szell, Michael and Sobolevsky, Stanislav and Strogatz, Steven H and Ratti, Carlo},
  journal={Proceedings of the National Academy of Sciences},
  volume={111},
  number={37},
  pages={13290--13294},
  year={2014},
  publisher={National Acad Sciences}
}

@ARTICLE{ratti2010redrawing,
  title={Redrawing the map of Great Britain from a network of human interactions},
  author={Ratti, Carlo and Sobolevsky, Stanislav and Calabrese, Francesco and Andris, Clio and Reades, Jonathan and Martino, Mauro and Claxton, Rob and Strogatz, Steven H},
  journal={PloS one},
  volume={5},
  number={12},
  pages={e14248},
  year={2010},
  publisher={Public Library of Science}
}

@ARTICLE{sobolevsky2013delineating,
  title={Delineating geographical regions with networks of human interactions in an extensive set of countries},
  author={Sobolevsky, Stanislav and Szell, Michael and Campari, Riccardo and Couronn{\'e}, Thomas and Smoreda, Zbigniew and Ratti, Carlo},
  journal={PloS one},
  volume={8},
  number={12},
  pages={e81707},
  year={2013},
  publisher={Public Library of Science}
}

@online{pandas,
  title={Pandas},
  url = {https://pandas.pydata.org/},
  urldate = {25.01.2021},
  language = {english}
}
